3142 4326
516 109 598 243 ,4⁸

560 294 565 302 ·
652 261 747 323 nent
764 240 851 324 uuit
863 218 1047 337 mettun,
1061 230 1208 321 retinet
1223 216 1358 344 'pueua
1374 232 1520 332 ,altera
1545 277 1568 310 a·

652 347 1377 469 ferenslarvambarbatamsatyricam.

550 489 629 573 540
658 463 880 546 Lunatum
901 461 1025 546 literis
1055 480 1192 554 nom
1219 458 1479 559 sedamaram
1497 456 1565 540 D·

661 572 752 655 facit
764 573 934 674 Licetus.
970 576 1039 653 An
1059 567 1135 650 fuit
1164 589 1405 648 norrnnoz
1435 581 1570 648 ruore

550 702 625 800 541
659 682 802 779 Stella,
821 679 1383 789 cicada‚lunula,papiiiones
1402 678 1513 774 duo,
1544 742 1546 745 .
1568 722 1571 749 .

653 793 720 878 cui
738 794 921 905 imposita
940 792 1060 893 libra,
1076 793 1242 900 cingunt
1262 789 1479 884 annulum,
1509 789 1552 870 in

567 953 572 961 ·
654 903 794 990 medio
814 907 870 991 est
896 904 1022 986 etiam
1042 903 1207 997 lunula,
1236 926 1328 980 cunr
1350 899 1460 981 senili
1477 899 1566 981 vult

567 1035 596 1056 ··
656 1011 754 1131 pala.
786 1018 847 1098 Ex
863 1014 1007 1124 quibus
1027 1039 1113 1121 quae
1129 1010 1344 1092 concinnet
1355 1009 1537 1106 Licetne,

657 1127 803 1237 cuique
824 1147 946 1235 patet.
984 1123 1078 1207 Nos
1106 1123 1162 1203 ita
1190 1121 1460 1230 explanamus.
1503 1124 1570 1204 An

659 1237 746 1344 pala
765 1237 912 1319 habens
931 1231 1118 1319 inclusam
1138 1230 1299 1312 senilem
1314 1228 1453 1333 faciem
1469 1255 1555 1312 non

657 1349 824 1427 moriam
844 1344 988 1426 mortis
1003 1344 1196 1435 inculcat,
1209 1340 1277 1423 sed
1297 1342 1355 1424 est
1366 1363 1485 1451 typus
1502 1366 1568 1425 me

660 1457 727 1537 tiae
754 1455 842 1566 post
867 1476 1071 1549 mortem
1100 1474 1353 1533 mortuorum
1371 1453 1480 1534 enim
1501 1476 1569 1534 me

660 1568 759 1648 riam
777 1565 829 1647 stc
844 1563 1095 1658 retinebant,
1125 1584 1172 1645 ut
1192 1562 1365 1644 Socratis
1385 1561 1563 1669 icuncuit

658 1675 716 1759 les
734 1684 775 1758 in
792 1677 962 1788 gemmis
972 1675 1110 1756 incisas
1121 1672 1321 1768 vidimus,
1340 1679 1379 1752 &
1392 1672 1454 1755 hic
1470 1672 1557 1782 ipse

661 1809 726 1871 tus
739 1788 961 1870 Socraticus
970 1782 1052 1868 fere
1061 1784 1129 1866 est.
1168 1782 1283 1864 Prior
1294 1783 1444 1894 papilio
1454 1805 1540 1867 not

660 1923 769 1980 mam
789 1900 923 2008 primo
950 1893 1256 2007 degredientem
1283 1894 1326 1974 in
1355 1893 1552 2005 eorpush

660 2032 783 2108 num,
808 2028 931 2115 atque
945 2007 999 2087 ita
1019 2011 1143 2087 horno
1160 2003 1404 2113 compofitus
1432 2002 1560 2116 fuiget

661 2114 1137 2212 maaetateinstarsteliae3
1168 2136 1255 2195 tum
1279 2112 1550 2224 maJorfnstus

630 2294 633 2299 .
664 2230 795 2340 pitum
822 2255 868 2311 ac
890 2253 1091 2311 rumorem
1111 2225 1163 2307 de
1182 2225 1219 2307 se
1241 2225 1328 2307 edit
1349 2226 1571 2354 spargitqu-

660 2339 739 2422 star
765 2338 931 2438 'cicadae3
963 2337 1093 2447 (hanc
1110 2337 1220 2417 enim
1248 2337 1324 2418 effe
1354 2337 1455 2419 dicit
1477 2338 1526 2420 Lt
1557 2387 1571 2405 -

664 2448 754 2558 post
781 2449 894 2559 quod
920 2444 1079 2555 tenipus
1111 2445 1179 2525 ubi
1207 2445 1391 2530 decrevit
1410 2447 1534 2532 instar
1565 2488 1571 2520 ι

664 2557 799 2642 dentis
834 2568 875 2645 δε
911 2557 1127 2641 minuentis
1161 2555 1286 2651 iunae,
1317 2555 1481 2643 tandem
1527 2597 1571 2630 0-

570 2710 573 2715 *
665 2697 834 2781 corpus,
855 2677 896 2752 &
914 2668 1043 2751 rursus
1061 2670 1193 2753 anima
1209 2667 1343 2752 avolat
1361 2717 1376 2768 3
1405 2672 1449 2754 id
1467 2697 1571 2782 aequ

667 2782 791 2864 bitrio
808 2789 849 2864 &
867 2781 950 2892 puri
966 2779 1054 2863 casu
1074 2779 1260 2863 omnibus
1281 2781 1463 2866 accidere
1506 2809 1550 2864 ar

667 2889 892 3005 fignificat,
920 2917 1043 3003 quam
1067 2889 1255 2973 sustinens
1282 2891 1403 2976 altare
1429 2921 1471 2977 ar
1555 2932 1569 2964 e

669 3025 729 3086 tat
752 3003 816 3087 vel*
839 3004 1001 3088 interim
1032 3000 1130 3083 dum
1154 3002 1354 3112 superiora
1378 3023 1556 3118 aguntur·

671 3112 946 3225 pernitionem
965 3113 1146 3196 Deorum
1156 3113 1310 3223 vigere,
1328 3121 1369 3198 &
1387 3116 1558 3228 quidem-

619 3229 625 3238 '
668 3225 786 3334 cipue
807 3226 863 3306 ob
884 3246 1038 3307 metum
1059 3220 1313 3322 inferorum,
1340 3251 1515 3336 quorum
1557 3266 1568 3297 ·

671 3334 840 3418 denotat
858 3362 904 3418 ea
925 3361 1014 3446 part
1031 3332 1190 3430 annuli,
1209 3361 1296 3442 quae
1314 3335 1416 3422 solet
1437 3339 1562 3447 seurp

568 3486 573 3495 ·
675 3471 738 3534 tta
754 3472 916 3528 manum
934 3445 1162 3529 abscondita
1176 3444 1282 3542 effe3
1311 3449 1375 3532 vel
1395 3470 1447 3540 ut
1458 3449 1567 3533 serv‘

671 3559 829 3649 inferias
844 3556 1043 3643 despuitis
1066 3556 1302 3661 mittendae:
1329 3559 1464 3645 lunula
1480 3561 1563 3646 intr

1507 3696 1557 3753 .n
